<?xml version="1.0" encoding="UTF-8"?>
<record xmlns="http://www.loc.gov/MARC21/slim" xmlns:xsi="http://www.w3.org/2001/XMLSchema-instance" xsi:schemaLocation="http://www.loc.gov/MARC21/slim http://www.loc.gov/standards/marcxml/schema/MARC21slim.xsd">
<leader>     nam a2200241 a 4500</leader>
<controlfield tag="001">001676520</controlfield>
<controlfield tag="003">NNU</controlfield>
<controlfield tag="005">20001218185424.0</controlfield>
<controlfield tag="008">940803s1919    ua a          000 0dara d</controlfield>
<datafield tag="035" ind1="9" ind2=" ">
<subfield code="a">NYUb12219875</subfield>
</datafield>
<datafield tag="035" ind1=" " ind2=" ">
<subfield code="a">(CStRLIN)NJPG94-B46119</subfield>
</datafield>
<datafield tag="040" ind1=" " ind2=" ">
<subfield code="a">NjP</subfield>
<subfield code="c">NjP</subfield>
</datafield>
<datafield tag="100" ind1="1" ind2=" ">
<subfield code="a">Shidyāq, Aḥmad Fāris,</subfield>
<subfield code="d">1804?-1887.</subfield>
</datafield>
<datafield tag="240" ind1="1" ind2="0">
<subfield code="a">Sāq ʻalá al-sāq</subfield>
</datafield>
<datafield tag="245" ind1="1" ind2="0">
<subfield code="a">Kitāb al-Sāq ʻalá al-sāq fī-mā huwa al-Fāriyāq :</subfield>
<subfield code="b">aw Ayyām wa-shuhūr wa-aʻwām fī ʻajm al-ʻArab wa-al-Aʻjām = La vie et les aventures de Fariac /</subfield>
<subfield code="c">taʼlīf Fāris ibn Yūsuf al-Shidyāq.</subfield>
</datafield>
<datafield tag="260" ind1=" " ind2=" ">
<subfield code="a">Miṣr :</subfield>
<subfield code="b">Yūsuf Tūmā al-Bustānī ṣāḥib Maktabat al-ʻArab,</subfield>
<subfield code="c">1919.</subfield>
</datafield>
<datafield tag="300" ind1=" " ind2=" ">
<subfield code="a">439, 23 p. :</subfield>
<subfield code="b">ill. ;</subfield>
<subfield code="c">24 cm.</subfield>
</datafield>
<datafield tag="740" ind1="0" ind2="1">
<subfield code="a">Vie et les aventures de Fariac.</subfield>
</datafield>
<datafield tag="740" ind1="0" ind2="1">
<subfield code="a">Ayyām wa-shuhūr wa-aʻwām fī ʻajm al-ʻArab wa-al-Aʻjām.</subfield>
</datafield>
<datafield tag="740" ind1="0" ind2="1">
<subfield code="a">Sāq ʻalá al-sāq fī-mā huwa al-Fāriyāq.</subfield>
</datafield>
<datafield tag="OWN" ind1=" " ind2=" ">
<subfield code="a">GENERAL</subfield>
</datafield>
<datafield tag="950" ind1=" " ind2=" ">
<subfield code="l">BMAIN</subfield>
<subfield code="a">PJ6611</subfield>
<subfield code="b">.S5 1919</subfield>
</datafield>
<datafield tag="955" ind1=" " ind2=" ">
<subfield code="l">BMAIN</subfield>
<subfield code="c">1</subfield>
<subfield code="r">024676333</subfield>
</datafield>
<datafield tag="987" ind1=" " ind2=" ">
<subfield code="a">tracings : missing?</subfield>
</datafield>
<datafield tag="998" ind1=" " ind2=" ">
<subfield code="s">9124</subfield>
</datafield>
<datafield tag="AVA" ind1=" " ind2=" ">
<subfield code="a">NYU50</subfield>
<subfield code="b">BOBST</subfield>
<subfield code="c">Main Collection</subfield>
<subfield code="d">PJ6611 .S5 1919</subfield>
<subfield code="e">unavailable</subfield>
<subfield code="t">Unavailable</subfield>
<subfield code="f">1</subfield>
<subfield code="g">1</subfield>
<subfield code="h">N</subfield>
<subfield code="i">7</subfield>
<subfield code="j">MAIN</subfield>
<subfield code="k">0</subfield>
</datafield>
</record>
